@article{kluge2023russisch,
  title={Russisch-chinesische Wirtschaftsbeziehungen: Moskaus Weg in die Abh{\"a}ngigkeit},
  author={Kluge, Janis},
  year={2023},
  publisher={DEU},
  journal={Stiftung Wissenschaft und Politik}
}

@article{sergei2023russia,
  title={Russia-China relations: an asymmetrical partnership?},
  author={Sergei, Lukonin},
  journal={Вестник МГИМО Университета},
  volume={16},
  number={2},
  pages={65--86},
  year={2023},
  publisher={Федеральное государственное автономное образовательное учреждение высшего~…}
}

@article{PowerOfSiberia,
  title={Localizing governance of systemic risks: A case study of the Power of Siberia pipeline in Russia},
  author={Sidortsov, Roman and Ivanova, Aytalina and Stammler, Florian},
  journal={Energy Research \& social science},
  volume={16},
  pages={54--68},
  year={2016},
  publisher={Elsevier}
}

@article{Autoindustrie,
	author = {Kiryukhina, Svetlana E. and Mikheshkina, Ekaterina E.},
	title = {Chinese automotive market: Сurrent state and prospects},
	journal = {RUDN Journal of Economics},
        pages = {723--739},
	volume = {31},
	number = {4},
	year = {2023},
	keywords = {automotive industry; new car production; new car sales; import and export of world leaders in passenger cars; car sales forecast in China},
	issn = {2313-2329},
	url = {https://journals.rudn.ru/economics/article/view/37308}
}

@misc{Darvas2022,
  author       = {Zsolt Darvas and Catarina Martins and Conor McCaffrey and Lucie Léry Moffat},
  title        = {Russian foreign trade tracker},
  year         = {2022},
  note         = {First published 10 October 2022},
  howpublished = {\url{https://www.bruegel.org/dataset/russian-foreign-trade-tracker}},
  institution  = {Bruegel Datasets}
}

@online{Vedomosti2022,
  author       = {Dmitrij Grinkevič},
  title        = {Minfin rešil perevesti zablokirovannuju čast’ FNB v juani i zoloto},
  year         = {2022},
  date         = {2022-12-29},
  url          = {https://www.vedomosti.ru/finance/articles/2022/12/29/957707-minfin-reshil-perevesti},
  note         = {Accessed: 2023-08-19},
  journal      = {Vedomosti}
}

@article{article,
author = {Kiryukhina, Svetlana and Mikheshkina, Ekaterina},
year = {2023},
month = {12},
pages = {723-739},
title = {Chinese automotive market: Сurrent state and prospects},
volume = {31},
journal = {RUDN Journal of Economics},
doi = {10.22363/2313-2329-2023-31-4-723-739}
}

@misc{UNComtrade2023,
  author = {United Nations Comtrade},
  title = {Bilateral Trade Russia-China 2022},
  year = {2023},
  note = {Accessed 2025-06-30},
  url = {https://comtrade.un.org}
}

@misc{Statista2023,
  author = {Statista},
  title = {Monthly Value of Chinese Exports to Russia},
  year = {2023},
  note = {Accessed 2025-06-30},
  url = {https://www.statista.com/statistics/1336374/china-exports-to-russia-monthly/}
}

@misc{Reuters2022,
  author = {Reuters},
  title = {China Steps In to Replace Sanctioned EU Machinery Exports to Russia},
  year = {2022},
  note = {Accessed 2025-06-30},
  url = {https://www.reuters.com}
}

@misc{SCMP2023,
  author = {South China Morning Post},
  title = {Chinese Car Exports to Russia Surge Amid Western Sanctions},
  year = {2023},
  note = {Accessed 2025-06-30},
  url = {https://www.scmp.com}
}

@misc{Finanzmarktwelt2023,
  author = {Finanzmarktwelt},
  title = {Traum geplatzt: China schickt Autos, keine Produktion nach Russland},
  year = {2023},
  note = {Accessed 2025-06-30},
  url = {https://finanzmarktwelt.de/traum-geplatzt-china-schickt-autos-keine-produktion-nach-russland-351759/}
}

@misc{TheDiplomat2023,
  author = {The Diplomat},
  title = {Huawei’s Strategic Retreat from the Russian Market},
  year = {2023},
  note = {Accessed 2025-06-30},
  url = {https://thediplomat.com}
}
